@MISC{NFCFechaCreacion,
  TITLE={{Historia de la inform√°tica - NFC}},
  PUBLISHER={{Imperva}},
  NOTE={\url{https://histinf.blogs.upv.es/2012/11/21/nfc/}}
}

@ARTICLE{RFIFComputerAndSecurity,
  AUTHOR={{C.M. Roberts}},
  TITLE={{Radio frequency identification (RFID)}},
  JOURNAL={{Computer & Security}},
  VOLUME={{25}},
  NUMBER={{1}},
  PAGES={{18-26}},
  PUBLISHER={{ScienceDirect}},
  YEAR={{2006}},
  MONTH={{February}},
  NOTE={\url{https://www.sciencedirect.com/science/article/abs/pii/S016740480500204X}}
}
